<?xml version="1.0" encoding="UTF-8"?><collection xmlns="http://www.loc.gov/MARC21/slim"><record><leader>00703nam--2200169-i-4500</leader><controlfield tag="001">000010073</controlfield><controlfield tag="002">20161230</controlfield><controlfield tag="005">20161230201028</controlfield><controlfield tag="008">060222s1000------------r-----000-0-eng-d</controlfield><datafield ind1=" " ind2=" " tag="040"><subfield code="a">IFIN-HH</subfield></datafield><datafield ind1=" " ind2=" " tag="080"><subfield code="a">061.3:535.8</subfield></datafield><datafield ind1="1" ind2=" " tag="100"><subfield code="a">Dickson, J. Home</subfield></datafield><datafield ind1="1" ind2="0" tag="245"><subfield code="a">Optical instruments and techniques 1969</subfield><subfield code="b">Proceedings of the conference held at the university of reading during 14th-19th july, 1969, under the auspices of the international commission for optics and arranged by the optical sub-committee of the british national committee for physics</subfield><subfield code="c">J. HOME DICKSON (Ed.)</subfield></datafield><datafield ind1=" " ind2=" " tag="260"><subfield code="a">Newcastle Upon Tyne</subfield><subfield code="b">Oriel Press</subfield><subfield code="c">1970</subfield></datafield><datafield ind1=" " ind2=" " tag="300"><subfield code="a">XIII+561P</subfield></datafield><datafield ind1=" " ind2=" " tag="852"><subfield code="a">36588</subfield><subfield code="c">535</subfield></datafield><datafield ind1=" " ind2=" " tag="CAT"><subfield code="a">Sys</subfield><subfield code="c">20101102</subfield><subfield code="h">120103</subfield></datafield></record></collection>